@book{koza92,
		author    = "Koza, John R.",
		title     = "Genetic Programming: On the Programming of Computers by Means of Natural Selection",
		publisher = "MIT Press",
		year      = "1992"
}


@misc{ wiki:latex,
       author = "Wikipedia",
       title = "LaTeX --- Wikipedia{,} La enciclopedia libre",
       year = "2015",
       url = "https://es.wikipedia.org/w/index.php?title=LaTeX&oldid=84209252",
       note = "[Internet; descargado 30-septiembre-2015]"
}

@misc{terminos,
	author = "Android Developers",
	title = "Términos y condiciones",
	url = "https://developer.android.com/studio/terms?hl=es-419",
	note = "Acuerdo de licencia del Kit de desarrollo del software de Android",
}

@misc{gradle1,
	author = "Gradle",
	title = "Gradle",
	url = "https://gradle.org/",
	note = "Página oficial de Gradle",
}

@misc{w3c,
	author = "W3C",
	title = "Resumen de los estándares de accesibilidad de W3C",
	url = "https://www.w3.org/WAI/standards-guidelines/es",
	note = "Página oficial donde se tratan los estándares de accesibilidad de W3C",
}

@misc{panoramio,
	author = "Panoramio",
	title = "Panoramio",
	url = "https://www.panoramio.com/",
	note = "Web oficial de Panoramio, ya sin funcionamiento",
}

@misc{as1,
	author = "Android",
	title = "Android Studio",
	url = "https://developer.android.com/studio",
	note = "Página oficial de android studio",
}

@article{tfg2,
	title = {Trabajo de fin de grado - Desarrollo de algoritmos para la generación de rutas turísticas},
	author = {Aparicio Blanco, Ignacio},
	year = {2020},
	publisher = {Universidad de burgos}
}

@article{tfg1,
	title = {Trabajo de fin de grado - Generación de rutas Turísticas personalizadas},
	author = {Íñigo Vazquez Gómez, Roberto Villuela Uzquiza},
	year = {2013},
	publisher = {Universidad de burgos}
}

@article{tfm1,
	title = {Trabajo de fin de master - Ampliación de la Aplicación para la Generación de Rutas Turísticas Personalizadas},
	author = {Cuevas Álvarez, Alejandro},
	year = {2014},
	publisher = {Universidad de burgos}
}
