@book{koza92,
		author    = "Koza, John R.",
		title     = "Genetic Programming: On the Programming of Computers by Means of Natural Selection",
		publisher = "MIT Press",
		year      = "1992"
}

@book{ignacio,
		author		= "Aparicio Blanco, Ignacio",
		title		= "Trabajo de fin de grado: Desarrollo de algoritmos para la generacion de rutas turísticas",
		publisher	= "Universidad de Burgos",
		tear		= "2020"  
		
}


@misc{ wiki:latex,
       author = "Wikipedia",
       title = "LaTeX --- Wikipedia{,} La enciclopedia libre",
       year = "2015",
       url = "https://es.wikipedia.org/w/index.php?title=LaTeX&oldid=84209252",
       note = "[Internet; descargado 30-septiembre-2015]"
}

@misc{cs1,
	author = "Desconocido",
	title = "Cliente/Servidor",
	url = "http://siul02.si.ehu.es/~jimena/ABD/fuentes/ClienteServidor.pdf",
	note = "Trabajo sobre el concepto de Cliente/Servidor"
}

@misc{cs2,
	author = "Juan José Gil Ríos",
	title = "Introducción a los Sistemas de Información: El Modelo Cliente/Servidor",
	url = "http://www.it.uc3m.es/mcfp/docencia/si/material/1_cli-ser_mcfp.pdf",
	note = "Transparencias sobre el modelo Cliente/Servidor"
}


@article{bortolot2005,
  title={Estimating forest biomass using small footprint LiDAR data: An individual tree-based approach that incorporates training data},
  author={Bortolot, Zachary J and Wynne, Randolph H},
  journal={ISPRS Journal of Photogrammetry and Remote Sensing},
  volume={59},
  number={6},
  pages={342--360},
  year={2005},
  publisher={Elsevier}
}

@article{tfg2,
	title = {Trabajo de fin de grado - Trabajo de fin de grado: Desarrollo de algoritmos para la generacion de rutas turísticas},
	author = {Aparicio Blanco, Ignacio},
	year = {2020}	
}

@article{tfg1,
	title = {Trabajo de fin de grado - Generación de rutas Turísticas personalizadas},
	author{Íñigo Vazquez Gómez, Roberto Villuela Uzquiza},
	year{2013},
	publisher{Universidad de burgos}
}

@article{tfm1,
	title = {Trabajo de fin de master - Ampliación de la Aplicación para la Generación de Rutas Turísticas Personalizadas},
	author{Alejandro Cuevas Álvarez},
	year{2014},
	publisher{Universidad de burgos}
}

